@Misc{Senate_Committees,
	url = "https://www.senate.gov/artandhistory/history/common/briefing/Committees.htm",
	title = "U.S. Senate: Senate Committees",
	year = 2021
}

@Misc{Legislative_Process,
	title = {Legislative Process},
	url = "https://www.senate.ca.gov/legislativeprocess",
	year = 2020,
	author = "Senate, California"
}

@Report{Senate_Report,
	author = "US Senate Committee on Homeland Security and Governmental Affairs",
	title = "ARTIFICIAL INTELLIGENCE TRAINING FOR THE ACQUISITION WORKFORCE ACT",
	type = {S. Rpt. 117-40},
	date = {2021},
	OPTpubstate = {Washington: Government Printing Office},
}

@Article{Minority_Article,
	author = {Conley, Richard S.},
	title = {Legislative Activity in the Canadian House of Commons},
	journaltitle = {American Review of Canadian Studies},
	date = {2011},
	subtitle = {Does Majority or Minority Government Matter?},
	volume = {41},
	issue = {4},
	pages = {422-437},
	doi = {10.1080/02722011.2011.623237}
}

@Misc{Selfkey_Whitepaper,
	title = "Whitepaper",
	author = {Selfkey Foundation, inc.},
	date = {23 Dec. 2020},
	url = "selfkey.org/whitepaper/"
}

@Misc{US_Spending,
	title = "USA Spending",
	url = "www.usaspending.gov/search",
	date = {2021}
}

@Misc{CA_Spending,
	title = "State of California Expendatures",
	url = "https://open.fiscal.ca.gov/index.html",
	date = {2021}
}

@Misc {Vitalik_Voting,
	title = {Moving Beyond Coin Voting Governance},
	date = {2021},
	author = {Vitalik Buterin},
	url = "https://vitalik.ca/general/2021/08/16/voting3.html"
}

@Misc {DAO_Whitepaper,
	author = "The DAO Community and Friends",
	title = {The DAO},
	subtitle = {A next-generation decentralized organization that coordinates the resources of a community (human and capital) to sustainably deliver value for members.},
	date = {2019 August 8},
	url = "https://github.com/the-dao/whitepaper"
}

@article{Precedent_Process,
	author = {Walker Jr, John M.},
	title = {The Role of Precedent in the United States},
	journaltitle = {Stanford Law China Guiding Cases Project},
	date = {2016},
	url = "https://cgc.law.stanford.edu/commentaries/15-john-walker/"
}
